@article{furini2013cuttingstock,
  author    = {Fabio Furini and Enrico Malaguti},
  title     = {Models for the Two-Dimensional Two-Stage Cutting Stock Problem with Multiple Stock Sizes},
  journal   = {Computers \& Operations Research},
  year      = {2013},
  volume    = {40},
  number    = {8},
  pages     = {1953--1962},
  doi       = {10.1016/j.cor.2013.02.026},
  publisher = {Elsevier},
  address   = {Villetaneuse, France and Bologna, Italy},
  month     = {August},
  url       = {https://doi.org/10.1016/j.cor.2013.02.026}
}

@article{ulutas2023effectiveness,
  author    = {Berna Ulutas and Georgios Ioannou and Stefan Bracke},
  title     = {Assessing the Effectiveness and Efficiency of Selected Solution Approaches for Two-Dimensional Stock Cutting Problems (Part I): Case Study Printed Circuit Boards},
  journal   = {International Journal of Industrial Engineering},
  year      = {2023},
  volume    = {},
  number    = {},
  pages     = {},
  institution = {Eskisehir Osmangazi University, Eskisehir, Turkey and University of Wuppertal, Germany},
  address   = {Turkey and Germany},
  url       = {},
}


@inproceedings{le2023irls,
  author    = {Thanh Hoang Le Hai and Dinh Luan Le and Dat Tien Ngo and Nam Thoai},
  title     = {IRLS: An Improved Reinforcement Learning Scheduler for High Performance Computing Systems},
  booktitle = {Proceedings of the 2023 International Conference on System Science and Engineering},
  year      = {2023},
  month     = {July},
  address   = {Ho Chi Minh City, Vietnam},
  publisher = {IEEE},
  doi       = {10.1109/ICSSE58758.2023.10227229},
  lab       = {High Performance Computing Lab},
  url       = {https://doi.org/10.1109/ICSSE58758.2023.10227229}
}

@inproceedings{mao2017resource,
  author    = {Hongzi Mao and Mohammad Alizadeh and Ishai Menache and Srikanth Kandula},
  title     = {Resource Management with Deep Reinforcement Learning},
  booktitle = {Proceedings of the Conference on Innovative Data Systems Research (CIDR)},
  year      = {2017},
  address   = {Asilomar, California, USA},
  publisher = {Symposium on Innovative Data Systems Research},
  institution = {Massachusetts Institute of Technology, Microsoft Research},
  url       = {https://www.cidrdb.org/cidr2017/Papers/CIDR17_Paper26.pdf}
}

@article{imahori2010bestfit,
  author    = {Shinji Imahori and Mutsunori Yagiura},
  title     = {The best-fit heuristic for the rectangular strip packing problem: An efficient implementation and the worst-case approximation ratio},
  journal   = {Computers \& Operations Research},
  year      = {2010},
  volume    = {37},
  number    = {2},
  pages     = {325--333},
  doi       = {10.1016/j.cor.2009.05.008},
  publisher = {Elsevier},
  address   = {Tokyo, Japan and Nagoya, Japan},
  month     = {February},
  url       = {https://doi.org/10.1016/j.cor.2009.05.008}
}
@inproceedings{cao2011bestfit,
  author    = {Dayong Cao and V. M. Kotov},
  title     = {A best-fit heuristic algorithm for two-dimensional bin packing problem},
  booktitle = {Proceedings of the 2011 International Conference on Advanced Information Technology, Engineering and Management Sciences (AITEMS)},
  publisher = {IEEE},
  year      = {2011},
  pages     = {},
  doi       = {},
  url       = {},
}
@article{22dim,
  author  = {Wang, P. Y.},
  title   = {Two algorithms for constrained two dimensional cutting stock problems},
  journal = {Operation Research},
  year    = {1983},
  volume  = {31},
  number  = {},
  pages   = {573-586},
}
@article{lubbecke2003columngeneration,
  author    = {L{\"u}bbecke, Marco E.},
  title     = {Column Generation},
  journal   = {Mathematical Programming},
  year      = {2003},
  volume    = {97},
  number    = {1-2},
  pages     = {93-130},
  publisher = {Springer},
  address   = {Darmstadt, Germany},
  note      = {Fachbereich Mathematik, Technische Universit{\"a}t Darmstadt}
}
@techreport{voudouris1995gls,
  author    = {Voudouris, Chris and Tsang, Edward},
  title     = {Guided Local Search},
  institution = {Department of Computer Science, University of Essex},
  year      = {1995},
  number    = {CSM-247},
  address   = {Colchester, UK},
  month     = {August}
}
@incollection{reeves2003ga,
  author    = {Reeves, Colin},
  title     = {Genetic Algorithms},
  booktitle = {Handbook of Metaheuristics},
  editor    = {Glover, Fred and Kochenberger, Gary A.},
  publisher = {Springer},
  address   = {Boston, MA},
  pages     = {139--167},
  year      = {2003},
  chapter   = {3},
  institution = {School of Mathematical and Information Sciences, Coventry University},
  note      = {Available at: \url{http://www.mis.coventry.ac.uk/~colinr/}},
  email     = {C. Reeves@conventry.ac.uk}
}

@book{GiordanoFoxHorton,
  author    = {Frank R. Giordano and William P. Fox and Steven B. Horton},
  title     = {A First Course in Mathematical Modeling},
  edition   = {5th},
  publisher = {Pearson},
  year      = {2021},
  address   = {New York},
}

@article{heuristic,
  author  = {Suliman, Saad, M. A.},
  title   = {A sequential heuristic procedure for the two-dimensional cutting-stock problem},
  journal = {International Journal of Production Economics},
  year    = {2005},
  volume  = {},
  number  = {},
  pages   = {},
}

@article{Algo2d,
  author  = {Ahmed Mellouli, Abdelaziz Dammak},
  title   = {An Algorithm for the Two-Dimensional Cutting-Stock Problem Based on a Pattern Generation Procedure},
  journal = {International Journal of Information and Management Sciences},
  year    = {June 2008},
  volume  = {},
  number  = {},
  pages   = {201-217},
}

@article{RL,
  author  = {Richard S. Sutton and Andrew G. Barto},
  title   = {Reinforcement Learning:
 An Introduction},
  journal = { A Bradford Book},
  year    = {2014, 2015},
  volume  = {},
  number  = {},
  pages   = {233-261},
}

@article{benamor_cutting_2024,
  author       = {H. Ben Amor and J.M. Val√©rio de Carvalho},
  title        = {Cutting Stock Problems},
  journal      = {Journal Name}, 
  year         = {2024}, 
  volume       = {},
  number       = {}, 
  pages        = {},
}

@article{IR,
  author  = {Robert W. Haessler and Paul E. Sweeney },
  title   = {Invited Review: Cutting stock problems and solution 
procedures},
  journal = {European Journal of Operational Research 54},
  year    = {1991},
  volume  = {},
  number  = {},
  pages   = {141-150},
}

@techreport{silver2002heuristic,
  author      = {Edward A. Silver},
  title       = {An Overview of Heuristic Solution Methods},
  institution = {Haskayne School of Business, University of Calgary},
  year        = {2002},
  type        = {Working Paper},
  number      = {2002-15},
  month       = {October},
}